@article{Dolgov_2014,
	doi = {10.1016/j.cpc.2013.12.017},

	url = {https://doi.org/10.1016%2Fj.cpc.2013.12.017},

	year = 2014,
	month = {apr},

	publisher = {Elsevier {BV}
},

	volume = {185},

	number = {4},

	pages = {1207--1216},

	author = {S.V. Dolgov and B.N. Khoromskij and I.V. Oseledets and D.V. Savostyanov},

	title = {Computation of extreme eigenvalues in higher dimensions using block tensor train format},

	journal = {Computer Physics Communications}
}
@misc{https://doi.org/10.48550/arxiv.2111.00113,
  doi = {10.48550/ARXIV.2111.00113},

  url = {https://arxiv.org/abs/2111.00113},

  author = {Nakatsukasa, Yuji and Tropp, Joel A.},

  keywords = {Numerical Analysis (math.NA), FOS: Mathematics, FOS: Mathematics, 65F10, 65F15, 65F25},

  title = {Fast &amp; Accurate Randomized Algorithms for Linear Systems and Eigenvalue Problems},

  publisher = {arXiv},

  year = {2021},

  copyright = {arXiv.org perpetual, non-exclusive license}
}
@misc{https://doi.org/10.48550/arxiv.2111.00113,
  doi = {10.48550/ARXIV.2111.00113},

  url = {https://arxiv.org/abs/2111.00113},

  author = {Nakatsukasa, Yuji and Tropp, Joel A.},

  keywords = {Numerical Analysis (math.NA), FOS: Mathematics, FOS: Mathematics, 65F10, 65F15, 65F25},

  title = {Fast &amp; Accurate Randomized Algorithms for Linear Systems and Eigenvalue Problems},

  publisher = {arXiv},

  year = {2021},

  copyright = {arXiv.org perpetual, non-exclusive license}
}
@misc{https://doi.org/10.48550/arxiv.2110.04393,
  doi = {10.48550/ARXIV.2110.04393},

  url = {https://arxiv.org/abs/2110.04393},

  author = {Daas, Hussam Al and Ballard, Grey and Cazeaux, Paul and Hallman, Eric and Miedlar, Agnieszka and Pasha, Mirjeta and Reid, Tim W. and Saibaba, Arvind K.},

  keywords = {Numerical Analysis (math.NA), FOS: Mathematics, FOS: Mathematics},

  title = {Randomized algorithms for rounding in the Tensor-Train format},

  publisher = {arXiv},

  year = {2021},

  copyright = {arXiv.org perpetual, non-exclusive license}
}
@misc{https://doi.org/10.48550/arxiv.2009.11392,
  doi = {10.48550/ARXIV.2009.11392},

  url = {https://arxiv.org/abs/2009.11392},

  author = {Nakatsukasa, Yuji},

  keywords = {Numerical Analysis (math.NA), FOS: Mathematics, FOS: Mathematics, 65F55, 68W20},

  title = {Fast and stable randomized low-rank matrix approximation},

  publisher = {arXiv},

  year = {2020},

  copyright = {arXiv.org perpetual, non-exclusive license}
}
@misc{https://doi.org/10.48550/arxiv.1710.08513,
  doi = {10.48550/ARXIV.1710.08513},

  url = {https://arxiv.org/abs/1710.08513},

  author = {Huber, Benjamin and Schneider, Reinhold and Wolf, Sebastian},

  keywords = {Numerical Analysis (math.NA), FOS: Mathematics, FOS: Mathematics, 15A69},

  title = {A Randomized Tensor Train Singular Value Decomposition},

  publisher = {arXiv},

  year = {2017},

  copyright = {arXiv.org perpetual, non-exclusive license}
}
@article{https://doi.org/10.48550/arxiv.0909.4061,
  doi = {10.48550/ARXIV.0909.4061},

  url = {https://arxiv.org/abs/0909.4061},

  author = {Halko, Nathan and Martinsson, Per-Gunnar and Tropp, Joel A.},

  keywords = {Numerical Analysis (math.NA), Probability (math.PR), FOS: Mathematics, FOS: Mathematics},

  title = {Finding structure with randomness: Probabilistic algorithms for constructing approximate matrix decompositions},

  publisher = {arXiv},

  year = {2009},

  copyright = {arXiv.org perpetual, non-exclusive license}
}
